@book{book:2318843,
   title =     {The Little Book of Semaphores (2nd Edition)},
   author =    {Downey Allen B.},
   publisher = {},
   isbn =      {},
   year =      {2019},
   series =    {},
   edition =   {v2.1.5},
   volume =    {}
}
@article{article:ppc,
   title =     {Concurrency: Slides and Practice Problems},
   author =    {Mythili Vutukuru, IIT Bombay},
   publisher = {},
   isbn =      {},
   series =    {Lectures on Operating Systems},
   edition =   {},
   volume =    {},
   url = {https://www.cse.iitb.ac.in/~mythili/os/}
}